<?xml version="1.0" encoding="UTF-8"?>
<SOAP-ENV:Envelope xmlns:SOAP-ENV="http://schemas.xmlsoap.org/soap/envelope/" xmlns:mx="http://www.loc.gov/MARC21/slim" xmlns:of="http://oss.dbc.dk/ns/openformat"><SOAP-ENV:Body><of:formatResponse><marc21><mx:record format="MARC21" type="Bibliographic"><mx:leader>00000ncm a22000000c 4500</mx:leader><mx:controlfield tag="007">qu</mx:controlfield><mx:controlfield tag="008">100329s2009    xxu||a|  ri    ||| |und|d</mx:controlfield><mx:datafield ind1=" " ind2=" " tag="020"><mx:subfield code="a">9781423406501 (hf.):</mx:subfield><mx:subfield code="c">kr. 155,00</mx:subfield></mx:datafield><mx:datafield ind1="8" ind2=" " tag="024"><mx:subfield code="a">HL 50486136</mx:subfield></mx:datafield><mx:datafield ind1="0" ind2="0" tag="028"><mx:subfield code="a">63009893</mx:subfield><mx:subfield code="b">Hal Leonard</mx:subfield></mx:datafield><mx:datafield ind1="1" ind2=" " tag="029"><mx:subfield code="a">DKDLA</mx:subfield><mx:subfield code="b">870970-basis:28209061</mx:subfield></mx:datafield><mx:datafield ind1=" " ind2=" " tag="040"><mx:subfield code="a">DKDLA</mx:subfield><mx:subfield code="b">dan</mx:subfield><mx:subfield code="c">DKDLA</mx:subfield></mx:datafield><mx:datafield ind1="0" ind2=" " tag="041"><mx:subfield code="b">eng</mx:subfield></mx:datafield><mx:datafield ind1=" " ind2=" " tag="049"><mx:subfield code="a">DK-190101</mx:subfield></mx:datafield><mx:datafield ind1=" " ind2=" " tag="084"><mx:subfield code="a">78.435-6</mx:subfield><mx:subfield code="2">z</mx:subfield></mx:datafield><mx:datafield ind1="0" ind2="0" tag="245"><mx:subfield code="a">The horn collection :</mx:subfield><mx:subfield code="b">14 pieces by 11 composers : easy to intermediate level /</mx:subfield><mx:subfield code="c">transcribed by Mason Jones ... [et al.]</mx:subfield></mx:datafield><mx:datafield ind1=" " ind2=" " tag="260"><mx:subfield code="a">New York, N.Y. :</mx:subfield><mx:subfield code="b">Schirmer ;</mx:subfield><mx:subfield code="a">Milwaukee, Wis. :</mx:subfield><mx:subfield code="b">distributed by Hal Leonard,</mx:subfield><mx:subfield code="c">2009</mx:subfield></mx:datafield><mx:datafield ind1=" " ind2=" " tag="300"><mx:subfield code="a">1 partitur og klaverpartitur</mx:subfield><mx:subfield code="a">1 stemme (32 sider) ;</mx:subfield><mx:subfield code="c">31 cm +</mx:subfield><mx:subfield code="e">1 cd +</mx:subfield><mx:subfield code="e">1 installationsvejledning</mx:subfield></mx:datafield><mx:datafield ind1="1" ind2=" " tag="490"><mx:subfield code="a">The G. Schirmer instrumental library</mx:subfield></mx:datafield><mx:datafield ind1=" " ind2=" " tag="500"><mx:subfield code="a">For horn og klaver</mx:subfield></mx:datafield><mx:datafield ind1=" " ind2=" " tag="500"><mx:subfield code="a">For horn i F</mx:subfield></mx:datafield><mx:datafield ind1=" " ind2=" " tag="500"><mx:subfield code="a">Cd: The horn collection / Bernhard Scully, horn, med Vincent Fuh. [New York, N.Y.] : Schirmer ; [Milwaukee, Wis.] : distributed by Hal Leonard, p 2009. 1 cd : stereo. Gennemspilning af stykkerne i nodehæftet med og uden horn. Indspillet efter music-minus-one-princippet. Cd-rom-indhold: Amazing slow downer software, som kan regulere musikkens afspilningshastighed uden at ændre tonehøjden. Bestillingsnr.: 63009893</mx:subfield></mx:datafield><mx:datafield ind1=" " ind2=" " tag="500"><mx:subfield code="a">Ed.nr.: HL 50486136</mx:subfield></mx:datafield><mx:datafield ind1=" " ind2=" " tag="500"><mx:subfield code="a">Plademærke: Hal Leonard. Forlagsnummer: 63009893</mx:subfield></mx:datafield><mx:datafield ind1="8" ind2=" " tag="505"><mx:subfield code="a">Indhold: Beethoven, Ludwig van: Sange, opus 52 Marmotte -- Bellini, Vincenzo: Vaga luna che inargenti -- Beethoven, Ludwig van: Abschiedsgesang an Wiens Bürger -- Corelli, Arcangelo: Sonate for violin og continuo, d-mol, opus 5:7 (Sarabande) -- Corelli, Arcangelo: Sonate for violin og continuo, F-dur, opus 5:10 (Gavotte) -- Mendelssohn-Bartholdy, Felix: Sange, opus 99 Lieblingsplätzchen -- Mendelssohn-Bartholdy, Felix: Sange, opus 34 Minnelied -- Mozart, Wolfgang Amadeus: Idomeneo Non temer, amato bene -- Purcell, Henry: The libertine Nymphs and shepherds -- Schubert, Franz: Rosamunde Mellemaktsmusik nr. 3, B-dur, Deutsch 797:5 -- Puccini, Giacomo: Pigen fra vesten Ch'ella mi creda -- Reichardt, Johann Friedrich: Das Bild der Rose -- Schumann, Robert: Kinderszenen, opus 15 Von fremden Ländern und Menschen -- Strauss, Richard: Sange, opus 10 Allerseelen -- Anonym: The ash grove</mx:subfield></mx:datafield><mx:datafield ind1="2" ind2=" " tag="505"><mx:subfield code="a">Med noter til de enkelte stykker</mx:subfield></mx:datafield><mx:datafield ind1="2" ind2=" " tag="505"><mx:subfield code="a">Med spillevejledning</mx:subfield></mx:datafield><mx:datafield ind1=" " ind2="7" tag="655"><mx:subfield code="a">barok</mx:subfield><mx:subfield code="y">1700-1799</mx:subfield><mx:subfield code="y">1800-1899</mx:subfield><mx:subfield code="z">Tyskland</mx:subfield><mx:subfield code="z">Østrig</mx:subfield><mx:subfield code="z">England</mx:subfield><mx:subfield code="z">Italien</mx:subfield><mx:subfield code="2">z</mx:subfield></mx:datafield><mx:datafield ind1=" " ind2="7" tag="655"><mx:subfield code="a">klassik</mx:subfield><mx:subfield code="y">1700-1799</mx:subfield><mx:subfield code="y">1800-1899</mx:subfield><mx:subfield code="z">Tyskland</mx:subfield><mx:subfield code="z">Østrig</mx:subfield><mx:subfield code="z">England</mx:subfield><mx:subfield code="z">Italien</mx:subfield><mx:subfield code="2">z</mx:subfield></mx:datafield><mx:datafield ind1=" " ind2="7" tag="655"><mx:subfield code="a">wienerklassik</mx:subfield><mx:subfield code="y">1700-1799</mx:subfield><mx:subfield code="y">1800-1899</mx:subfield><mx:subfield code="z">Tyskland</mx:subfield><mx:subfield code="z">Østrig</mx:subfield><mx:subfield code="z">England</mx:subfield><mx:subfield code="z">Italien</mx:subfield><mx:subfield code="2">z</mx:subfield></mx:datafield><mx:datafield ind1=" " ind2="7" tag="655"><mx:subfield code="a">romantik</mx:subfield><mx:subfield code="y">1700-1799</mx:subfield><mx:subfield code="y">1800-1899</mx:subfield><mx:subfield code="z">Tyskland</mx:subfield><mx:subfield code="z">Østrig</mx:subfield><mx:subfield code="z">England</mx:subfield><mx:subfield code="z">Italien</mx:subfield><mx:subfield code="2">z</mx:subfield></mx:datafield><mx:datafield ind1=" " ind2="7" tag="655"><mx:subfield code="a">senromantik</mx:subfield><mx:subfield code="y">1700-1799</mx:subfield><mx:subfield code="y">1800-1899</mx:subfield><mx:subfield code="z">Tyskland</mx:subfield><mx:subfield code="z">Østrig</mx:subfield><mx:subfield code="z">England</mx:subfield><mx:subfield code="z">Italien</mx:subfield><mx:subfield code="2">z</mx:subfield></mx:datafield><mx:datafield ind1=" " ind2="7" tag="655"><mx:subfield code="a">instrumental</mx:subfield><mx:subfield code="y">1700-1799</mx:subfield><mx:subfield code="y">1800-1899</mx:subfield><mx:subfield code="z">Tyskland</mx:subfield><mx:subfield code="z">Østrig</mx:subfield><mx:subfield code="z">England</mx:subfield><mx:subfield code="z">Italien</mx:subfield><mx:subfield code="2">z</mx:subfield></mx:datafield><mx:datafield ind1=" " ind2="7" tag="655"><mx:subfield code="a">horn</mx:subfield><mx:subfield code="y">1700-1799</mx:subfield><mx:subfield code="y">1800-1899</mx:subfield><mx:subfield code="z">Tyskland</mx:subfield><mx:subfield code="z">Østrig</mx:subfield><mx:subfield code="z">England</mx:subfield><mx:subfield code="z">Italien</mx:subfield><mx:subfield code="2">z</mx:subfield></mx:datafield><mx:datafield ind1=" " ind2="7" tag="655"><mx:subfield code="a">music minus one</mx:subfield><mx:subfield code="2">z</mx:subfield></mx:datafield><mx:datafield ind1="1" ind2=" " tag="700"><mx:subfield code="a">Jones, Mason</mx:subfield></mx:datafield><mx:datafield ind1="1" ind2="2" tag="700"><mx:subfield code="a">Beethoven, Ludwig van</mx:subfield><mx:subfield code="t">Sange, opus 52 Marmotte</mx:subfield></mx:datafield><mx:datafield ind1="1" ind2="2" tag="700"><mx:subfield code="a">Bellini, Vincenzo</mx:subfield><mx:subfield code="t">Vaga luna che inargenti</mx:subfield></mx:datafield><mx:datafield ind1="1" ind2="2" tag="700"><mx:subfield code="a">Beethoven, Ludwig van</mx:subfield><mx:subfield code="t">Abschiedsgesang an Wiens Bürger</mx:subfield></mx:datafield><mx:datafield ind1="1" ind2="2" tag="700"><mx:subfield code="a">Corelli, Arcangelo</mx:subfield><mx:subfield code="t">Sonate for violin og continuo, d-mol, opus 5:7 (Sarabande)</mx:subfield></mx:datafield><mx:datafield ind1="1" ind2="2" tag="700"><mx:subfield code="a">Corelli, Arcangelo</mx:subfield><mx:subfield code="t">Sonate for violin og continuo, F-dur, opus 5:10 (Gavotte)</mx:subfield></mx:datafield><mx:datafield ind1="1" ind2="2" tag="700"><mx:subfield code="a">Mendelssohn-Bartholdy, Felix</mx:subfield><mx:subfield code="t">Sange, opus 99 Lieblingsplätzchen</mx:subfield></mx:datafield><mx:datafield ind1="1" ind2="2" tag="700"><mx:subfield code="a">Mendelssohn-Bartholdy, Felix</mx:subfield><mx:subfield code="t">Sange, opus 34 Minnelied</mx:subfield></mx:datafield><mx:datafield ind1="1" ind2="2" tag="700"><mx:subfield code="a">Mozart, Wolfgang Amadeus</mx:subfield><mx:subfield code="t">Idomeneo Non temer, amato bene</mx:subfield></mx:datafield><mx:datafield ind1="1" ind2="2" tag="700"><mx:subfield code="a">Purcell, Henry</mx:subfield><mx:subfield code="t">The libertine Nymphs and shepherds</mx:subfield></mx:datafield><mx:datafield ind1="1" ind2="2" tag="700"><mx:subfield code="a">Schubert, Franz</mx:subfield><mx:subfield code="t">Rosamunde Mellemaktsmusik nr. 3, B-dur, Deutsch 797:5</mx:subfield></mx:datafield><mx:datafield ind1="1" ind2="2" tag="700"><mx:subfield code="a">Puccini, Giacomo</mx:subfield><mx:subfield code="t">Pigen fra vesten Ch'ella mi creda</mx:subfield></mx:datafield><mx:datafield ind1="1" ind2="2" tag="700"><mx:subfield code="a">Reichardt, Johann Friedrich</mx:subfield><mx:subfield code="t">Das Bild der Rose</mx:subfield></mx:datafield><mx:datafield ind1="1" ind2="2" tag="700"><mx:subfield code="a">Schumann, Robert</mx:subfield><mx:subfield code="t">Kinderszenen, opus 15 Von fremden Ländern und Menschen</mx:subfield></mx:datafield><mx:datafield ind1="1" ind2="2" tag="700"><mx:subfield code="a">Strauss, Richard</mx:subfield><mx:subfield code="t">Sange, opus 10 Allerseelen</mx:subfield></mx:datafield><mx:datafield ind1="0" ind2="2" tag="700"><mx:subfield code="a">Anonym</mx:subfield><mx:subfield code="t">The ash grove</mx:subfield></mx:datafield><mx:datafield ind1=" " ind2="0" tag="830"><mx:subfield code="a">The G. Schirmer instrumental library</mx:subfield></mx:datafield><mx:datafield ind1=" " ind2=" " tag="901"><mx:subfield code="a">785</mx:subfield></mx:datafield></mx:record><hs activity="insert">DKDLA</hs></marc21></of:formatResponse></SOAP-ENV:Body></SOAP-ENV:Envelope>
